<record><leader>00000cas a2200000 a 4500</leader><controlfield tag="001">11088186</controlfield><controlfield tag="008">840824d18651867iluwr ne      0   a0eng c</controlfield><datafield ind1=" " ind2=" " tag="010"><subfield code="a">sn 84024462 </subfield></datafield><datafield ind1=" " ind2=" " tag="040"><subfield code="a">NPV</subfield><subfield code="b">eng</subfield><subfield code="c">NPV</subfield><subfield code="d">NVF</subfield><subfield code="d">OCLCQ</subfield><subfield code="d">CVF</subfield><subfield code="d">NVF</subfield><subfield code="d">OCLCQ</subfield><subfield code="d">OCLCF</subfield><subfield code="d">NVF</subfield><subfield code="d">OCLCO</subfield></datafield><datafield ind1="1" ind2=" " tag="029"><subfield code="a">AU@</subfield><subfield code="b">000024693766</subfield></datafield><datafield ind1=" " ind2=" " tag="042"><subfield code="a">pcc</subfield></datafield><datafield ind1=" " ind2=" " tag="043"><subfield code="a">n-us-il</subfield></datafield><datafield ind1="0" ind2=" " tag="130"><subfield code="a">North-West (Freeport, Ill. : 1865)</subfield></datafield><datafield ind1="1" ind2="4" tag="245"><subfield code="a">The North-West.</subfield></datafield><datafield ind1="3" ind2=" " tag="246"><subfield code="a">Northwest</subfield></datafield><datafield ind1=" " ind2=" " tag="260"><subfield code="a">Freeport, Ill. :</subfield><subfield code="b">Wright &amp; Co.,</subfield><subfield code="c">1865-1867.</subfield></datafield><datafield ind1=" " ind2=" " tag="300"><subfield code="a">v. ;</subfield><subfield code="c">49 cm.</subfield></datafield><datafield ind1=" " ind2=" " tag="310"><subfield code="a">Weekly</subfield></datafield><datafield ind1="0" ind2=" " tag="362"><subfield code="a">Vol. 1, no. 1 (Aug. 17, 1865)-</subfield></datafield><datafield ind1="1" ind2=" " tag="362"><subfield code="a">Ceased in 1867.</subfield></datafield><datafield ind1=" " ind2=" " tag="580"><subfield code="a">Daily ed.: Daily North-West (Freeport, Ill.), 1865-1866.</subfield></datafield><datafield ind1=" " ind2=" " tag="588"><subfield code="a">Latest issue consulted: Jan. 31, 1867.</subfield></datafield><datafield ind1=" " ind2="0" tag="651"><subfield code="a">Freeport (Ill.)</subfield><subfield code="v">Newspapers.</subfield></datafield><datafield ind1=" " ind2="7" tag="651"><subfield code="a">Illinois</subfield><subfield code="z">Freeport.</subfield><subfield code="2">fast</subfield><subfield code="0">(OCoLC)fst01217738</subfield></datafield><datafield ind1=" " ind2="7" tag="655"><subfield code="a">Newspapers.</subfield><subfield code="2">fast</subfield><subfield code="0">(OCoLC)fst01423814</subfield></datafield><datafield ind1=" " ind2=" " tag="752"><subfield code="a">United States</subfield><subfield code="b">Illinois</subfield><subfield code="c">Stephenson</subfield><subfield code="d">Freeport.</subfield></datafield><datafield ind1="1" ind2=" " tag="775"><subfield code="t">Daily North-West (Freeport, Ill.)</subfield><subfield code="w">(DLC)sn 85038365</subfield><subfield code="w">(OCoLC)12346101</subfield></datafield><datafield ind1="0" ind2="4" tag="785"><subfield code="t">Freeport journal (Freeport, Ill. : 1866)</subfield><subfield code="w">(DLC)sn 84024171</subfield><subfield code="w">(OCoLC)10599914</subfield></datafield></record>